@article{arnott1973refinement,
  title={Refinement of the structure of B-DNA and implications for the analysis of x-ray diffraction data from fibers of biopolymers},
  author={Arnott, Struther and Hukins, DWL},
  journal={Journal of molecular biology},
  volume={81},
  number={2},
  pages={93--105},
  year={1973},
  publisher={Elsevier}
}

@book{branden1999introduction,
  title={Introduction to protein structure},
  author={Branden, Carl Ivar and others},
  year={1999},
  publisher={Garland Science}
}

@article{bai2012cryo,
  title={Cryo-EM structure of a 3D DNA-origami object},
  author={Bai, Xiao-chen and Martin, Thomas G and Scheres, Sjors HW and Dietz, Hendrik},
  journal={Proceedings of the National Academy of Sciences},
  volume={109},
  number={49},
  pages={20012--20017},
  year={2012},
  publisher={National Acad Sciences}
}

@article{cheatham1995molecular,
  title={Molecular dynamics simulations on solvated biomolecular systems: the particle mesh Ewald method leads to stable trajectories of DNA, RNA, and proteins},
  author={Cheatham, TE III and Miller, JL and Fox, T and Darden, TA and Kollman, PA},
  journal={Journal of the American Chemical Society},
  volume={117},
  number={14},
  pages={4193--4194},
  year={1995},
  publisher={ACS Publications}
}

@article{vsponer1996hydrogen,
  title={Hydrogen bonding and stacking of DNA bases: a review of quantum-chemical ab initio studies},
  author={{\v{S}}poner, Ji{\v{r}}{\'\i} and Leszczynski, Jerzy and Hobza, Pavel},
  journal={Journal of Biomolecular structure and Dynamics},
  volume={14},
  number={1},
  pages={117--135},
  year={1996},
  publisher={Taylor \& Francis}
}

@book{leach2001molecular,
  title={Molecular modelling: principles and applications},
  author={Leach, Andrew R},
  year={2001},
  publisher={Pearson education}
}

@book{frenkel2001understanding,
  title={Understanding molecular simulation: from algorithms to applications},
  author={Frenkel, Daan and Smit, Berend},
  volume={1},
  year={2001},
  publisher={Elsevier}
}

@article{ivani2016parmbsc1,
  title={Parmbsc1: a refined force field for DNA simulations},
  author={Ivani, Ivan and Dans, Pablo D and Noy, Agnes and P{\'e}rez, Alberto and Faustino, Ignacio and Hospital, Adam and Walther, J{\"u}rgen and Andrio, Pau and Go{\~n}i, Ramon and Balaceanu, Alexandra and others},
  journal={Nature methods},
  volume={13},
  number={1},
  pages={55},
  year={2016},
  publisher={Nature Publishing Group}
}

@article{zgarbova2015refinement,
  title={Refinement of the sugar--phosphate backbone torsion beta for AMBER force fields improves the description of Z-and B-DNA},
  author={Zgarbov{\'a}, Marie and Sponer, Jiri and Otyepka, Michal and Cheatham III, Thomas E and Galindo-Murillo, Rodrigo and Jurecka, Petr},
  journal={Journal of chemical theory and computation},
  volume={11},
  number={12},
  pages={5723--5736},
  year={2015},
  publisher={ACS Publications}
}

@book{allen2017computer,
  title={Computer simulation of liquids},
  author={Allen, Michael P and Tildesley, Dominic J},
  year={2017},
  publisher={Oxford university press}
}

@incollection{hunenberger2005thermostat,
  title={Thermostat algorithms for molecular dynamics simulations},
  author={H{\"u}nenberger, Philippe H},
  booktitle={Advanced computer simulation},
  pages={105--149},
  year={2005},
  publisher={Springer}
}

@book{zuckerman2010statistical,
  title={Statistical physics of biomolecules: an introduction},
  author={Zuckerman, Daniel M},
  year={2010},
  publisher={CRC Press}
}

@book{tuckerman2010statistical,
  title={Statistical mechanics: theory and molecular simulation},
  author={Tuckerman, Mark},
  year={2010},
  publisher={Oxford university press}
}

@article{tuckerman1992reversible,
  title={Reversible multiple time scale molecular dynamics},
  author={Tuckerman, MBBJM and Berne, Bruce J and Martyna, Glenn J},
  journal={The Journal of chemical physics},
  volume={97},
  number={3},
  pages={1990--2001},
  year={1992},
  publisher={AIP}
}

@misc{berg2002biochemistry,
  title={Biochemistry: International version (hardcover)},
  author={Berg, Jeremy M and Tymoczko, John L and Stryer, Lubert and Berg, JM and Tymoczko, JL and Stryer, L},
  year={2002},
  publisher={WH Freeman}
}

@book{adkins1983equilibrium,
  title={Equilibrium thermodynamics},
  author={Adkins, Clement John and Adkins, Clement John},
  year={1983},
  publisher={Cambridge University Press}
}

@article{macke1961ld,
  title={LD Landau and EM Lifshitz Mechanics. Vol. 1 of: Course of Theoretical Physics. 165 S. m. 55 Abb. Oxford/London/Paris 1960. Pergamon Press Ltd. Preis geb. 40 s. net},
  author={Macke, W},
  journal={ZAMM-Journal of Applied Mathematics and Mechanics/Zeitschrift f{\"u}r Angewandte Mathematik und Mechanik},
  volume={41},
  number={9},
  pages={392--392},
  year={1961},
  publisher={Wiley Online Library}
}

@book{chipot2007free,
  title={Free energy calculations},
  author={Chipot, Christophe and Pohorille, Andrew},
  year={2007},
  publisher={Springer}
}

@article{deng2009computations,
  title={Computations of standard binding free energies with molecular dynamics simulations},
  author={Deng, Yuqing and Roux, Beno{\^\i}t},
  journal={The Journal of Physical Chemistry B},
  volume={113},
  number={8},
  pages={2234--2246},
  year={2009},
  publisher={ACS Publications}
}

@article{chipot2002free,
  title={Free energy calculations. The long and winding gilded road},
  author={Chipot, Christophe and Pearlman, David A},
  journal={Molecular Simulation},
  volume={28},
  number={1-2},
  pages={1--12},
  year={2002},
  publisher={Taylor \& Francis}
}

@article{gilson2007calculation,
  title={Calculation of protein-ligand binding affinities},
  author={Gilson, Michael K and Zhou, Huan-Xiang},
  journal={Annual review of biophysics and biomolecular structure},
  volume={36},
  year={2007}
}

@article{steinbrecher2010towards,
  title={Towards accurate free energy calculations in ligand protein-binding studies},
  author={Steinbrecher, Thomas and Labahn, Andreas},
  journal={Current medicinal chemistry},
  volume={17},
  number={8},
  pages={767--785},
  year={2010},
  publisher={Bentham Science Publishers}
}

@article{kollman2000calculating,
  title={Calculating structures and free energies of complex molecules: combining molecular mechanics and continuum models},
  author={Kollman, Peter A and Massova, Irina and Reyes, Carolina and Kuhn, Bernd and Huo, Shuanghong and Chong, Lillian and Lee, Matthew and Lee, Taisung and Duan, Yong and Wang, Wei and others},
  journal={Accounts of chemical research},
  volume={33},
  number={12},
  pages={889--897},
  year={2000},
  publisher={ACS Publications}
}

@article{sitkoff1994accurate,
  title={Accurate calculation of hydration free energies using macroscopic solvent models},
  author={Sitkoff, Doree and Sharp, Kim A and Honig, Barry},
  journal={The Journal of Physical Chemistry},
  volume={98},
  number={7},
  pages={1978--1988},
  year={1994},
  publisher={ACS Publications}
}

@article{foloppe2006towards,
  title={Towards predictive ligand design with free-energy based computational methods?},
  author={Foloppe, N and Hubbard, R},
  journal={Current medicinal chemistry},
  volume={13},
  number={29},
  pages={3583--3608},
  year={2006},
  publisher={Bentham Science Publishers}
}

@article{wang2001use,
  title={Use of MM-PBSA in reproducing the binding free energies to HIV-1 RT of TIBO derivatives and predicting the binding mode to HIV-1 RT of efavirenz by docking and MM-PBSA},
  author={Wang, Junmei and Morin, Paul and Wang, Wei and Kollman, Peter A},
  journal={Journal of the American Chemical Society},
  volume={123},
  number={22},
  pages={5221--5230},
  year={2001},
  publisher={ACS Publications}
}

@article{dnaforcefieldcomp,
author = {Galindo-Murillo, Rodrigo and Robertson, James C. and Zgarbova, Marie and poner, Jiaa and Otyepka, Michal and Jureaka, Petr and Cheatham, Thomas E.},
title = {Assessing the Current State of Amber Force Field Modifications for DNA},
journal = {Journal of Chemical Theory and Computation},
volume = {12},
number = {8},
pages = {4114-4127},
year = {2016},
doi = {10.1021/acs.jctc.6b00186}
}

@article{berman1992nucleic,
  title={The nucleic acid database. A comprehensive relational database of three-dimensional structures of nucleic acids.},
  author={Berman, Helen M and Olson, Wilma K and Beveridge, David L and Westbrook, John and Gelbin, Anke and Demeny, Tamas and Hsieh, Shu-Hsin and Srinivasan, AR and Schneider, Bohdan},
  journal={Biophysical journal},
  volume={63},
  number={3},
  pages={751},
  year={1992},
  publisher={The Biophysical Society}
}

@article{shibinskaya2011synthesis,
  title={Synthesis and biological activity of 7H-benzo [4, 5] indolo [2, 3-b]-quinoxaline derivatives},
  author={Shibinskaya, Marina O and Karpenko, Alexander S and Lyakhov, Sergey A and Andronati, Sergey A and Zholobak, Nadezhda M and Spivak, Nikolay Ya and Samochina, Natalia A and Shafran, Lev M and Zubritsky, Mykhail Ju and Galat, Valerij F},
  journal={European journal of medicinal chemistry},
  volume={46},
  number={2},
  pages={794--798},
  year={2011},
  publisher={Elsevier}
}

@article{kelley2015posit,
  title={POSIT: flexible shape-guided docking for pose prediction},
  author={Kelley, Brian P and Brown, Scott P and Warren, Gregory L and Muchmore, Steven W},
  journal={Journal of chemical information and modeling},
  volume={55},
  number={8},
  pages={1771--1780},
  year={2015},
  publisher={ACS Publications}
}

@article{hawkins2010conformer,
  title={Conformer generation with OMEGA: algorithm and validation using high quality structures from the Protein Databank and Cambridge Structural Database},
  author={Hawkins, Paul CD and Skillman, A Geoffrey and Warren, Gregory L and Ellingson, Benjamin A and Stahl, Matthew T},
  journal={Journal of chemical information and modeling},
  volume={50},
  number={4},
  pages={572--584},
  year={2010},
  publisher={ACS Publications}
}

@article{trott2010autodock,
  title={AutoDock Vina: improving the speed and accuracy of docking with a new scoring function, efficient optimization, and multithreading},
  author={Trott, Oleg and Olson, Arthur J},
  journal={Journal of computational chemistry},
  volume={31},
  number={2},
  pages={455--461},
  year={2010},
  publisher={Wiley Online Library}
}

@article{wang2002further,
  title={Further development and validation of empirical scoring functions for structure-based binding affinity prediction},
  author={Wang, Renxiao and Lai, Luhua and Wang, Shaomeng},
  journal={Journal of computer-aided molecular design},
  volume={16},
  number={1},
  pages={11--26},
  year={2002},
  publisher={Springer}
}

@article{eldridge1997empirical,
  title={Empirical scoring functions: I. The development of a fast empirical scoring function to estimate the binding affinity of ligands in receptor complexes},
  author={Eldridge, Matthew D and Murray, Christopher W and Auton, Timothy R and Paolini, Gaia V and Mee, Roger P},
  journal={Journal of computer-aided molecular design},
  volume={11},
  number={5},
  pages={425--445},
  year={1997},
  publisher={Springer}
}

@article{mobley2009binding,
  title={Binding of small-molecule ligands to proteins:“what you see” is not always “what you get”},
  author={Mobley, David L and Dill, Ken A},
  journal={Structure},
  volume={17},
  number={4},
  pages={489--498},
  year={2009},
  publisher={Elsevier}
}

@article{eastman2017openmm,
  title={OpenMM 7: Rapid development of high performance algorithms for molecular dynamics},
  author={Eastman, Peter and Swails, Jason and Chodera, John D and McGibbon, Robert T and Zhao, Yutong and Beauchamp, Kyle A and Wang, Lee-Ping and Simmonett, Andrew C and Harrigan, Matthew P and Stern, Chaya D and others},
  journal={PLoS computational biology},
  volume={13},
  number={7},
  pages={e1005659},
  year={2017},
  publisher={Public Library of Science}
}

@article{miyamoto1992settle,
  title={Settle: An analytical version of the SHAKE and RATTLE algorithm for rigid water models},
  author={Miyamoto, Shuichi and Kollman, Peter A},
  journal={Journal of computational chemistry},
  volume={13},
  number={8},
  pages={952--962},
  year={1992},
  publisher={Wiley Online Library}
}

@article{wang2004development,
  title={Development and testing of a general amber force field},
  author={Wang, Junmei and Wolf, Romain M and Caldwell, James W and Kollman, Peter A and Case, David A},
  journal={Journal of computational chemistry},
  volume={25},
  number={9},
  pages={1157--1174},
  year={2004},
  publisher={Wiley Online Library}
}

@article{jakalian2002fast,
  title={Fast, efficient generation of high-quality atomic charges. AM1-BCC model: II. Parameterization and validation},
  author={Jakalian, Araz and Jack, David B and Bayly, Christopher I},
  journal={Journal of computational chemistry},
  volume={23},
  number={16},
  pages={1623--1641},
  year={2002},
  publisher={Wiley Online Library}
}

@article{ambertools18,
  title={AMBER 2018},
  author={D.A. Case, I.Y. Ben-Shalom, S.R. Brozell, D.S. Cerutti, T.E. Cheatham, III, V.W.D. Cruzeiro, T.A. Darden, R.E. Duke, D. Ghoreishi, M.K. Gilson, H. Gohlke, A.W. Goetz, D. Greene, R Harris, N. Homeyer, S. Izadi, A. Kovalenko, T. Kurtzman, T.S. Lee, S. LeGrand, P. Li, C. Lin, J. Liu, T. Luchko, R. Luo, D.J. Mermelstein, K.M. Merz, Y. Miao, G. Monard, C. Nguyen, H. Nguyen, I. Omelyan, A. Onufriev, F. Pan, R. Qi, D.R. Roe, A. Roitberg, C. Sagui, S. Schott-Verdugo, J. Shen, C.L. Simmerling, J. Smith, R. Salomon-Ferrer, J. Swails, R.C. Walker, J. Wang, H. Wei, R.M. Wolf, X. Wu, L. Xiao, D.M. York and P.A. Kollman},
  year={2018},
  publisher={University of California, San Francisco}
}

@article{power-of-many17,
    author      = {Vivek Balasubramanian and Matteo Turilli and Weiming Hu and Matthieu Lefebvre and Wenjie Lei and Guido Cervone and Jeroen Tromp and Shantenu Jha},
    title       = {{Harnessing the Power of Many: Extensible Toolkit for Scalable Ensemble Applications}},
    journal     = {International Proceedings of the 32nd International Conference on Parallel Processing (IPDPS)}, 
    year        = {2018},
    url        = {https://arxiv.org/abs/1710.08491}
}

@misc{review_bb_2016, 
  author      = {Shantenu Jha and Matteo Turilli},
  title       = {A Building Blocks Approach towards Domain Specific Workflow Systems?},
  note        = {(under review)},
  url         = {http://arxiv.org/abs/1609.03484},
  year        = {2017},
}

@article{galindo2017computational,
  title={Computational DNA binding studies of (--)-epigallocatechin-3-gallate},
  author={Galindo-Murillo, Rodrigo and Cheatham III, Thomas E},
  journal={Journal of Biomolecular Structure and Dynamics},
  pages={1--13},
  year={2017},
  publisher={Taylor \& Francis}
}